@book{knuth2005art,
  title={{The Art of Computer Programming, Volume 1, Fascicle 1: MMIX--A RISC Computer for the New Millennium (Art of Computer Programming)}},
  author={Knuth, D.E.},
  year={2005},
  publisher={Addison-Wesley Professional}
}
